@Article{Altshuleretal2000,
  author = 	 {Altshuler, D. and  Hirschhorn, J. N. and
                  Klannemark, M. and  Lindgren, C. M. and Vohl, M.-C. and Nemesh, J. and
                  Lane, C. R. and  Schaffner, S. F. and  Bolk, S. and  Brewer, C. and 
                  Tuomis, T. and  Gaudet, D. and  Hudson, T. J. and  Daly, M. and 
                  Groop, L. and  Lander, E. S. 2000},
  title = 	 {The common {PPAR$\gamma$} {P}ro12{A}la polymorphism is associated with
                  decreased risk of type 2 diabetes},
  journal = 	 {Nature Genetics},
  year = 	 2000,
  volume =	 26,
  pages =	 {76--80}
}

@Article{Ball2001,
  author = {Ball, R. D.},
  title =   {Bayesian methods for quantitative trait loci mapping
             based on model selection: approximate analysis using the {B}ayesian
             {I}nformation {C}riterion},
  journal = {Genetics},
  year =    {2001},
  volume=   {159},
  pages=    {1351--1364},
}

@Article{Ball2005exptdesignbf,
  author = 	 {Ball, R. D.},
  title = 	 {Experimental designs for reliable detection
                  of linkage disequilibrium in unstructured random population
                  association studies.},
  journal = 	 {Genetics},
  year = 	 {2005},
  volume =	 {170},
  pages =	 {859--873}
}

@inproceedings{Ball2007AssocMapInPlantsCh8,
  author =    {Ball, R. D.},
  title =     {Statistical analysis and experimental design},
  year =      {2007},
  chapter =   {8},
  pages =     {133--196},
  booktitle = {Association Mapping in Plants},
  editor =    {Oraguzie, N. C. and Rikkerink, E. H. A. and De Silva, H. N. and Gardiner, S. E.},
  publisher =   {Springer},
  address =     {New York},
}
 
@Article{Ball2007QTLcolocation,
  author=   {Ball, R. D.},
  title =   {{Q}uantifying evidence for candidate gene polymorphisms---{B}ayesian analysis combining sequence-specific and {QTL} co-location information. },
  journal =  {Genetics},
  year =     {2007},                  
  volume =   {177},
  pages =    {2399--2416}
}    
                 
%%\item[6] Ball, R.\,D. 2009: \textit{\texttt{BayesQTLBIC}---Bayesian multi-locus QTL
%  analysis based on the BIC criterion.}
%  {\small\url{http://cran.r-project.org/web/packages/BayesQTLBIC/index.html}}
@Misc{Ball2009BayesQTLBIC,                  
  author =       {Ball, R. D.},
  title =        {\texttt{BayesQTLBIC}---{B}ayesian multi-locus {QTL}
                  analysis based on the {BIC} criterion},
  url =          {http://cran.r-project.org/web/packages/BayesQTLBIC/index.html},
  note =         {Accessed Nov 7, 2011},                  
  year =         {2009},
}
%note =        {\small\url{http://cran.r-project.org/web/packages/BayesQTLBIC/index.html}, Accessed Nov. 7 2011},

                  
@Article{Ball2011exptdesigngwcc,
  author = 	 {Ball, R. D.},
  title = 	 {Experimental designs for robust detection of
                 effects in genome-wide case-control studies},
  journal = 	 {Genetics (to appear)},
  year = 	 {2011},
  url =          {http://www.genetics.org/content/early/2011/09/13/genetics.111.131698.abstract}                   
}
%  volume =	 {??},
%  pages =	 {??--??},

  

@Article{Emahazionetal2001,
  author = 	 {Emahazion, T. and Feuk, L. and Jobs, M. and Sawyer, S. L. and Fredman, D. and
                  St. Clair, D. and  Prince, J. A. and Brookes, A. J.},
  title = 	 {{SNP} association studies in {A}lzheimer's disease highlight problems
                  for complex disease analysis},
  journal = 	 {Trends in Genetics},
  year = 	 2001,
  volume =	 17,
  pages =	 {407--413}
}
                  
@Article{Gudbjartssonetal2008,
  author =       {Gudbjartsson, D. F. and Walters, G. B. and Thorleifsson, G. and Stefansson, H. and
                  Halldorsson, B. V. and Zusmanovich, P. and Sulem, P. and Thorlacius, S.
                  and Gylfason, A. and Steinberg, S. and Halgadottir, A.},
  title =        {Many sequence variants affecting diversity of adult human height},
  journal =      {Nature Genetics},
  year =         {2008},
  volume =       {40},
  pages =        {609--615},
}

                  
%\item[9] The HapMap project. \url{www.hapmap.org}.
@Misc{HapMap,                  
  key={HapMap},                  
  title = {The {H}ap{M}ap project},
  url =  {www.hapmap.org}
}
%  note={\small\url{www.hapmap.org}}
                  
@Article{LangoAllen2010,
   author = {Lango Allen, H. and Estrada, K. and {Lettre \textit{et al.}}, G.},
   title = {Hundreds of variants clustered in genomic loci and biological pathways affect
            human height},
   year = {2010},
   journal = {Nature},
   volume = {467},
   pages = {832--838}
}
                  
@Article{Luo1998,
   author = {Luo, Z. W. },
   title = {Linkage disequilibrium in a two-locus model},
   year = {1998},
   journal = {Heredity},
   volume = {80},
   pages = {198--208}
}



@Book{OHagan2006prior_elicitation_book,
  author =	 {O'Hagan, A. and Buck, C.E. and Daneshkhah, A. and  Eiser, J. R. and 
                  Garthwaite, P. H. and Jenkinson, D. J. and Oakley, J. E. and Rakow, T.},
  title = 	 {Uncertain judgements: Eliciting experts' probabilities},
  publisher = 	 {Wiley},
  year = 	 {2006},
  address =	 {Hoboken, NJ},
  annote =	 {ISBN: 978-0-470-02999-2,xiii+321 pp}
}

@Article{SillanpaaCorander2002,
   author =   {Sillanp\"a\"a,  M J and Corander, J},
   year =     {2002},
   title =    {Model choice in gene mapping: what and why},
   journal =  {Trends in Genetics},
   volume =   {18},
   pages =    {301--307}
}
@Article{SpiegelhalterSmith82,
  author={Spiegelhalter, D. and Smith, A.F.M.},
  title={Bayes factors for linear and log-linear models with vague
         prior information},
  journal={Journal of the Royal Statistical Society, Series B},
  year={1982},
  volume={44(3)},
}
                  

@Article{TerwilligerWeiss1998,
  author = 	 {Terwilliger, J.D. and Weiss, K.M. },
  title = 	 {Linkage disequilibrium mapping of complex disease: fantasy or reality?},
  journal = 	 {Curr. Opin. Biotechnol.},
  year = 	 1998,
  volume =	 9,
  pages =	 {578--594}
}
                  
@Article{WakefieldApproxBF2007,
  author =       {Wakefield, J.},
  title =        {A {B}ayesian measure of the probability of
                   false discovery in genetic epidemiology studies},
  journal =      {Am. J. Hum. Genet.},
  year =         {2007},
  volume =       {81},
  pages =        {208--227},
}


@Article{Weedonetal2008,
  author =       {Weedon, M.N. and Lango, H. and Lindgren, C.M. and Wallace, C. and
                  Evans, D.M. and Mangino, M. and Freathy, R.M. and Perry, J.R.B. and
                  Stevens, S. and Hall, A.S. and Samani, J.J. and Shields, B.},
  title =        {Genome-wide association analysis identifies 20 loci that influence adult height},
  journal =      {Nature Genetics},
  year =         {2008},
  volume =       {40},
  pages =        {575--583},
}


@Book{Weir1996GeneticDataAnalysisII,
  author =	 {Weir, B. S.},
  title = 	 {Genetic Data Analysis II},
  publisher = 	 {Sinauer Associates},
  year = 	 1996,
  address =	 {Sunderland, MA},
  annote =	 {ISBN: 0-87893-902-4, xii+445 pp},
}
                  
@Article{WTCCC2007,
  author =       {{The Wellcome Trust Case Control Consortium}},
  title =        {Genome-wide association study of 14,000 cases of seven common diseases and 3,000 shared controls},
  journal =      {Nature},
  year =         {2007},
  volume =       { 447},
  pages =        {661--678},
}

@Article{YangetalcommonSNPs2010,
   author = {Yang, J. and Beben, B. and McEvoy, D.P. and  Gordon, S. and  Henders, A.K.
and Nyholt, D.R. and  Madden, P.A. and  Heath, A.C. and  Martin, N.G. and 
Montgomery, G.W. and  Goddard, M.E. and Visscher, P.M.},
   year = {2010},
   title = {Common {SNPs} explain a large proportion of the heritability for human height},
   journal = {Nature Genetics},
   volume = {42},
   pages = {565--569, 608}
}

